<?xml version="1.0" encoding="UTF-8"?><collection xmlns="http://www.loc.gov/MARC21/slim"><record><leader>00326nam--2200133-i-4500</leader><controlfield tag="001">000024005</controlfield><controlfield tag="002">20161230</controlfield><controlfield tag="005">20161230201035</controlfield><controlfield tag="008">060222s1000------------r-----000-0-eng-d</controlfield><datafield ind1=" " ind2=" " tag="080"><subfield code="a">577.3</subfield></datafield><datafield ind1=" " ind2=" " tag="100"><subfield code="a">Hughes, William</subfield></datafield><datafield ind1=" " ind2=" " tag="245"><subfield code="a">Aspects of biophysics</subfield></datafield><datafield ind1=" " ind2=" " tag="260"><subfield code="a">New York, John Wiley &amp; Sons, 1979, Xii + 362 P</subfield></datafield><datafield ind1=" " ind2=" " tag="852"><subfield code="a">48896</subfield></datafield></record></collection>